%%%%%%%%%%%%%%%%%%%%%%%%%%%%%%%%%%%%%%%%%%%%%%%%%%%%%%%%%%%%%%%%%%%%%%%%%
%
% Purpose: Bibliography for gravitytorque
%
%   
%
%%%%%%%%%%%%%%%%%%%%%%%%%%%%%%%%%%%%%%%%%%%%%%%%%%%%%%%%%%%%%%%%%%%%%%%%%


@MANUAL{gravtorq_refman,
   AUTHOR       = "generated by doxygen",
   TITLE        = "{\href{file:refman.pdf}
                   {JEOD Gravity Torque Model Reference Manual}}",
   ORGANIZATION = "NASA,
                   Johnson Space Center,
                   Software, Robotics \& Simulation Division,
                   Simulation and Graphics Branch",
   ADDRESS      = "2101 NASA Parkway, Houston, Texas, 77058",
   MONTH        = "\RELEASEMONTH\",
   YEAR         = "\RELEASEYEAR"}







@TECHREPORT{JSC23762,
   AUTHOR       = "{Gottlieb, R.G.}",
   TITLE        = "{\href{file:\JEODHOME/models/environment/gravity/docs/gottlieb_1993.pdf}
                   {Fast Gravity, Gravity Partials, Normalized Gravity,
                    Gravity Gradient Torque and Magnetic Field: Derivation,
                    Code and Data}}",
   INSTITUTION  = "{National Aeronautics and Space Administration,
                   Johnson Space Center}",
   NUMBER       = "NASA Contractor Report 188243 (JSC 23762)",
   ADDRESS      = "Houston, Texas",
   YEAR         = "February 1993"}

@ARTICLE{thompson2008,
   AUTHOR       = "{Thompson, B.F., Hammen D.G., Jackson, A.A., Crues, E.Z.}",
   TITLE        = "{\href{file:\JEODHOME/models/environment/gravity/docs/thompson_AAS_08-205.pdf}
                   {Validation of Gravity Acceleration and Torque Algorithms for Astrodynamics}}",
   JOURNAL      = "Proceedings of the 18th AAS/AIAA Space Flight Mechanics Meeting",
   VOLUME       = "Galveston, Texas",
   YEAR         = "Jan. 2008, pp.1593-1604."}

@BOOK{kaplan1976,
   AUTHOR       = "Kaplan, M.H.",
   TITLE        = "Modern Spacecraft Dynamics and Control",
   PUBLISHER    = "John Wiley and Sons",
   ADDRESS      = "New York",
   YEAR         = "1976."}

@BOOK{kaula1966,
   AUTHOR       = "Kaula, W.M.",
   TITLE        = "Theory of Satellite Geodesy: Applications of Satellites
                   to Geodesy",
   PUBLISHER    = "Blaisdell Publishing Company",
   ADDRESS      = "Waltham, Massachusetts",
   YEAR         = "1966."}
