%%%%%%%%%%%%%%%%%%%%%%%%%%%%%%%%%%%%%%%%%%%%%%%%%%%%%%%%%%%%%%%%%%%%%%%%%
%
% Purpose: Bibliography for MessageHandler
%
% 
%
%%%%%%%%%%%%%%%%%%%%%%%%%%%%%%%%%%%%%%%%%%%%%%%%%%%%%%%%%%%%%%%%%%%%%%%%%

@MANUAL{dynenv:MessageHandler,
   AUTHOR       = "\ModelAuthor\",
   TITLE        = "{\href{file:message.pdf}
                   {\MessageHandlerDesc}}",
   ORGANIZATION = "National Aeronautics and Space Administration,
                   Johnson Space Center,
                   Software, Robotics \& Simulation Division,
                   Simulation and Graphics Branch",
   ADDRESS      = "2101 NASA Parkway, Houston, Texas, 77058",
   MONTH        = "\RELEASEMONTH\",
   YEAR         = "\RELEASEYEAR"}

@MANUAL{message_refman,
   TITLE        = "{\href{file:refman.pdf}
                   {JEOD Message Model Reference Manual}}",
   ORGANIZATION = "National Aeronautics and Space Administration,
                   Johnson Space Center,
                   Software, Robotics \& Simulation Division,
                   Simulation and Graphics Branch",
   ADDRESS      = "2101 NASA Parkway, Houston, Texas, 77058",
   MONTH        = "\RELEASEMONTH\",
   YEAR         = "\RELEASEYEAR"}
