%%%%%%%%%%%%%%%%%%%%%%%%%%%%%%%%%%%%%%%%%%%%%%%%%%%%%%%%%%%%%%%%%%%%%%%%%
%
% Purpose: Bibliography for atmosphere
%
%
%
%%%%%%%%%%%%%%%%%%%%%%%%%%%%%%%%%%%%%%%%%%%%%%%%%%%%%%%%%%%%%%%%%%%%%%%%%

@MANUAL{dynenv:atmosphere,
   AUTHOR       = "\ModelAuthor\",
   TITLE        = "{\href{file:atmosphere.pdf}
                   {\atmosphereDesc}}",
   ORGANIZATION = "National Aeronautics and Space Administration,
                   Johnson Space Center,
                   Software, Robotics \& Simulation Division,
                   Simulation and Graphics Branch",
   ADDRESS      = "2101 NASA Parkway, Houston, Texas, 77058",
   MONTH        = "\RELEASEMONTH\",
   YEAR         = "\RELEASEYEAR"}

@MANUAL{atmospherebib:ReferenceManual,
   AUTHOR       = "Generated by doxygen",
   TITLE        = "{\href{file:refman.pdf}
                   {Atmosphere Reference Manual}}",
   ORGANIZATION = "National Aeronautics and Space Administration,
                   Johnson Space Center,
                   Software, Robotics \& Simulation Division,
                   Simulation and Graphics Branch",
   ADDRESS      = "2101 NASA Parkway, Houston, Texas, 77058",
   MONTH        = "\RELEASEMONTH\",
   YEAR         = "\RELEASEYEAR"}

@ARTICLE{Jacchia,
   AUTHOR  = "Jacchia, L.G.",
   TITLE   = "{Thermospheric Temperature, Density, and Composition: New Models}",
   JOURNAL = "SAO Special Report No. 375 Smithsonian Astrophysical Observatory",
   YEAR    = "1977",
   VOLUME  = "375",
   PAGES   = "1118"}

@TECHREPORT{Owens,
   AUTHOR       = "Owens, J.K.",
   TITLE        = "{\href{file:\JEODHOME/models/environment/atmosphere/docs/refs/marshallMETTM.pdf}
                   {NASA Marshall Engineering Thermosphere Model-Version 2.0}}",
   INSTITUTION  = "NASA",
   NUMBER       = "NASA/TM-2002-211786",
   MONTH        = "June",
   YEAR         = "2002"}

@TECHREPORT{justus,
  AUTHOR       = "C.G. Justus and F.W. Leslie",
  TITLE        = "{\href{file:\JEODHOME/models/environment/atmosphere/TCAM/verif/fortran/gram_E07/docs/GRAM-2007TM.doc}
                  {The NASA MSFC Earth Global Reference Atmospheric Model - 2007 Version}}",
  INSTITUTION  = "NASA",
  NUMBER       = "NASA/TM-2008-215581",
  MONTH        = "Nov",
  YEAR         = "2008"}

@ARTICLE{King,
   AUTHOR  = "King-Hele, D. and Walker, D.",
   TITLE   = "{Upper-Atmosphere Zonal Winds from Satellite Orbit Analysis}",
   JOURNAL = "Planetary and Space Science",
   YEAR    = "1988",
   VOLUME  = "36",
   PAGES   = "1085-1093"}

@BOOK{Zarrouati,
   AUTHOR       = "Zarrouati, O.",
   TITLE        = "Trajectoires Spatiales",
   PUBLISHER    = "Cepadues Editions",
   ADDRESS      = "Toulouse, France",
   YEAR         = "1987",
   PAGES = "1085-1093"}

@TECHREPORT{NED,
   AUTHOR       = "NASA-JSC",
   TITLE        = "{SPACE STATION PROGRAM NATURAL ENVIRONMENT}",
   INSTITUTION  = "NASA",
   NUMBER       = "NASA/SSP-30425",
   MONTH        = "February",
   YEAR         = "1994"}

@TECHREPORT{Hickey,
   AUTHOR       = "Hickey, M.P",
   TITLE        = "{\href{file:\JEODHOME/models/environment/atmosphere/docs/refs/met98.pdf}
                   {NASA Marshall Engineering Thermosphere Model}}",
   INSTITUTION  = "NASA",
   NUMBER       = "NASA/CR-179359",
   MONTH        = "July",
   YEAR         = "1988"}

@ARTICLE{Hedin,
   AUTHOR  = "Hedin, A.E.",
   TITLE   = "{Extension of the MSIS Tthermosphere Model into the Middle and Lower Atmosphere}",
   JOURNAL = "Journal of Geophysical Research",
   YEAR    = "1991",
   VOLUME  = "96",
   PAGES   = "1159"}

@TECHREPORT{GRAM_use,
   AUTHOR       = "Justus, C.G. and Johnson, D.L.",
   TITLE        = "{\href{file:\JEODHOME/models/environment/atmosphere/docs/refs/gram99.pdf}
   {The NASA/MSFC Global Reference Atmospheric Model - 1999 Version (GRAM-99)}}",
   INSTITUTION  = "NASA",
   NUMBER       = "NASA/TM-1999-209630",
   MONTH        = "May",
   YEAR         = "1999"}

@MISC{MSISwebsite,
   AUTHOR = "Virtual Ionosphere, Thermosphere, Mesosphere Observatory (VITMO)",
   TITLE = "MSIS-E-90 Atmosphere Model",
   MONTH = "July",
   YEAR = 2006,
   HOWPUBLISHED = "\url{http://omniweb.gsfc.nasa.gov/vitmo/msis_vitmo.html}"
}

@MANUAL{atmosphere_15,
   AUTHOR       = "A. A. Jackson and Scott Piggott",
   TITLE        = "JSC Engineering Orbital Dynamics Atmosphere Models",
   ORGANIZATION = "National Aeronautics and Space Administration,
                   Johnson Space Center,
                   Software, Robotics \& Simulation Division,
                   Simulation and Graphics Branch",
   ADDRESS      = "2101 NASA Parkway, Houston, Texas, 77058",
   MONTH        = "March",
   YEAR         = "2008"}
