%%%%%%%%%%%%%%%%%%%%%%%%%%%%%%%%%%%%%%%%%%%%%%%%%%%%%%%%%%%%%%%%%%%%%%%%%
%
% Purpose: Bibliography for mass
%
%
%%%%%%%%%%%%%%%%%%%%%%%%%%%%%%%%%%%%%%%%%%%%%%%%%%%%%%%%%%%%%%%%%%%%%%%%%

@MANUAL{api:mass,
   AUTHOR       = "Generated by doxygen",
   TITLE        = "{\href{file:\JEODHOME/models/dynamics/mass/docs/refman.pdf}
                   {JEOD \ModelDesc\ API}}",
   ORGANIZATION = "NASA,
                   Johnson Space Center,
                   Software, Robotics \& Simulation Division,
                   Simulation and Graphics Branch",
   ADDRESS      = "2101 NASA Parkway, Houston, Texas, 77058",
   MONTH        = "\RELEASEMONTH\",
   YEAR         = "\RELEASEYEAR"}

@BOOK{Bedford,
   AUTHOR	= "Bedford and Fowler",
   TITLE	= "Engineering Mechanics",
   PUBLISHER	= "Prentice Hall",
   YEAR		= "2002"}
