@ARTICLE{beeman:1976,
   author = {Beeman, D.},
    title = "{Some Multistep Methods for Use in Molecular Dynamics
              Calculations}",
  journal = {Journal of Computational Physics},
     year = {1976},
    month = feb,
   volume = 20,
    pages = 130,
      doi = {10.1016/0021-9991(76)90059-0}}

@BOOK{hamming:1986,
   author  = {Hamming, Richard W},
    title  = {Numerical methods for scientists and engineers (2nd ed.)},
     year  = {1986},
     isbn  = {0-486-65241-6},
 publisher = {Dover Publications, Inc.},
   address = {New York, NY, USA}
}

@MANUAL{api:DYNBODY,
   author       = "Generated by doxygen",
   title        = "{\href{file:\JEODHOME/models/dynamics/dyn_body/docs/refman.pdf}
                    {JEOD Dynamic Body Model Reference Manual}}",
   organization = "National Aeronautics and Space Administration,
                   Johnson Space Center,
                   Software, Robotics \& Simulation Division,
                   Simulation and Graphics Branch",
   address      = "2101 NASA Parkway, Houston, Texas, 77058",
   month        = "{\RELEASEMONTH}",
   year         = "{\RELEASEYEAR}"}


   
