%%%%%%%%%%%%%%%%%%%%%%%%%%%%%%%%%%%%%%%%%%%%%%%%%%%%%%%%%%%%%%%%%%%%%%%%%
%
% Purpose: Bibliography for DYNCOMP
%
%
%%%%%%%%%%%%%%%%%%%%%%%%%%%%%%%%%%%%%%%%%%%%%%%%%%%%%%%%%%%%%%%%%%%%%%%%%

@MANUAL{dynenv:DYNCOMP,
   AUTHOR       = "A.A. Jackson",
   TITLE        = "{\href{file:DYNCOMP.pdf}
                   {\DYNCOMPDesc}}",
   ORGANIZATION = "NASA,
                   Johnson Space Center,
                   Software, Robotics \& Simulation Division,
                   Simulation and Graphics Branch",
   ADDRESS      = "2101 NASA Parkway, Houston, Texas, 77058",
   MONTH        = "December",
   YEAR         = "2009"}

@CONFERENCE{SIW,
   AUTHOR       = "Edwin Z. Crues and Albert A Jackson and Jeffery C. Morris",
   TITLE        = "{\href{file:\JEODHOME/verif/SIM_dyncomp/docs/tex/paper/siw.pdf}
                   {A Process for Comparing Dynamics of Distributed Space Systems Simulations}}",
   YEAR         = "2009",
   ORGANIZATION = "NASA Johnson Space Center ",
   PUBLISHER    = "2009 SPRING SIMULATION INTEROPERABILITY WORKSHOP",
   ADDRESS      = "San Diego, CA"}
