%%%%%%%%%%%%%%%%%%%%%%%%%%%%%%%%%%%%%%%%%%%%%%%%%%%%%%%%%%%%%%%%%%%%%%%%%
%
% Purpose: Bibliography for planet model doc
%
% 
%
%
%%%%%%%%%%%%%%%%%%%%%%%%%%%%%%%%%%%%%%%%%%%%%%%%%%%%%%%%%%%%%%%%%%%%%%%%%

@MANUAL{dynenv:planet,
   AUTHOR       = "\ModelAuthor\",
   TITLE        = "{\href{file:planet.pdf}
                   {\planetDesc}}",
   ORGANIZATION = "National Aeronautics and Space Administration,
                   Johnson Space Center,
                   Automation, Robotics \& Simulation Division,
                   Simulation and Graphics Branch",
   ADDRESS      = "2101 NASA Parkway, Houston, Texas, 77058",
   MONTH        = "\RELEASEMONTH\",
   YEAR         = "\RELEASEYEAR"}

@MANUAL{planetbib:ReferenceManual,
   AUTHOR       = "Generated by doxygen",
   TITLE        = "{\href{file:refman.pdf}
                   {Planet Model Reference Manual}}",
   ORGANIZATION = "National Aeronautics and Space Administration,
                   Johnson Space Center,
                   Automation, Robotics \& Simulation Division,
                   Simulation and Graphics Branch",
   ADDRESS      = "2101 NASA Parkway, Houston, Texas, 77058",
   MONTH        = "\RELEASEMONTH\",
   YEAR         = "\RELEASEYEAR"}

@BOOK{ValladoSecond,
   AUTHOR       = "David A. Vallado with contributions by Wayne D. McClain",
   TITLE        = "Fundamentals of Astrodynamics and Applications, Second Edition",
   PUBLISHER    = "Microcosm Press",
   ADDRESS      = "El Segundo, CA",
   YEAR         = "2004"}
