%%%%%%%%%%%%%%%%%%%%%%%%%%%%%%%%%%%%%%%%%%%%%%%%%%%%%%%%%%%%%%%%%%%%%%%%%
%
% Purpose: Bibliography for ThermalRider
%
%   
%
%%%%%%%%%%%%%%%%%%%%%%%%%%%%%%%%%%%%%%%%%%%%%%%%%%%%%%%%%%%%%%%%%%%%%%%%%


@MANUAL{thermalbib:ReferenceManual,
   AUTHOR      = "Generated by doxygen",
   TITLE       = "{\href{file:refman.pdf}
                   {Thermal Rider Reference Manual}}",
   ORGANIZATION = "NASA,
                   Johnson Space Center,
                   Software, Robotics \& Simulation Division,
                   Simulation and Graphics Branch",
   ADDRESS      = "2101 NASA Parkway, Houston, Texas, 77058",
   MONTH        = "\RELEASEMONTH\",
   YEAR         = "\RELEASEYEAR"}
