@book{cpp2003,
   KEYWORDS     = {standard},
   AUTHOR       = "ISO/IEC",
   TITLE        = "ISO/IEC 14882:2003: Programming languages: C++",
   EDITION      = "Second",
   PUBLISHER    = "American National Standards Institute",
   ADDRESS      = "New York, New York",
   YEAR         = {2003}
}

@MANUAL{api:CONTAINER,
   AUTHOR       = "Generated by doxygen",
   TITLE        = "{\href{file:\JEODHOME/models/utils/container/docs/refman.pdf}

                   {Container Model Reference Manual}}",
   ORGANIZATION = "National Aeronautics and Space Administration,
                   Johnson Space Center,
                   Software, Robotics and Simulation Division,
                   Simulation and Graphics Branch",
   ADDRESS      = "2101 NASA Parkway, Houston, Texas, 77058",
   MONTH        = "\RELEASEMONTH\",
   YEAR         = "\RELEASEYEAR"}
