%%%%%%%%%%%%%%%%%%%%%%%%%%%%%%%%%%%%%%%%%%%%%%%%%%%%%%%%%%%%%%%%%%%%%%%%%
%
% Purpose: Bibliography for spice
%
% 
%
%%%%%%%%%%%%%%%%%%%%%%%%%%%%%%%%%%%%%%%%%%%%%%%%%%%%%%%%%%%%%%%%%%%%%%%%%

@MANUAL{bib:spice_doc,
   AUTHOR       = "\ModelAuthor\",
   TITLE        = "{\href{file:spice.pdf}
                   {\SpiceDesc}}",
   ORGANIZATION = "National Aeronautics and Space Administration,
                   Johnson Space Center,
                   Software, Robotics \& Simulation Division,
                   Simulation and Graphics Branch",
   ADDRESS      = "2101 NASA Parkway, Houston, Texas, 77058",
   MONTH        = "\RELEASEMONTH\",
   YEAR         = "\RELEASEYEAR"}


@MANUAL{api:spice,
   author       = "Generated by doxygen",
   title        = "{\href{file:\JEODHOME/models/utils/spice/docs/refman.pdf}
                    {JEOD Spice Model Reference Manual}}",
   organization = "National Aeronautics and Space Administration,
                   Johnson Space Center,
                   Software, Robotics \& Simulation Division,
                   Simulation and Graphics Branch",
   address      = "2101 NASA Parkway, Houston, Texas, 77058",
   month        = "{\RELEASEMONTH}",
   year         = "{\RELEASEYEAR}"}
