@ARTICLE{beeman:1976,
   author = {Beeman, D.},
    title = "{Some Multistep Methods for Use in Molecular Dynamics
              Calculations}",
  journal = {Journal of Computational Physics},
     year = {1976},
    month = feb,
   volume = 20,
    pages = 130,
      doi = {10.1016/0021-9991(76)90059-0}
}

@article{celledoni:2014,
   author   = {Elena Celledoni and HÃ¥kon Marthinsen and Brynjulf Owren},
   title    = {An introduction to Lie group integrators --
               basics, new developments and applications},
   journal  = {Journal of Computational Physics},
   volume   = "257, Part B", 
   number   = "0",
   pages    = {1040--1061},
   year     = {2014},
   issn     = {0021-9991},
   doi      = {10.1016/j.jcp.2012.12.031}
}

@article{christiansen:2011,
   author   = {Christiansen,Snorre H. and
               Munthe-Kaas,Hans Z. and
               Owren,Brynjulf},
   title    = {Topics in structure-preserving discretization},
   journal  = {Acta Numerica},
   volume   = {20},
   month    = {5},
   year     = {2011},
   issn     = {1474-0508},
   pages    = {1--119},
   numpages = {119},
   doi      = {10.1017/S096249291100002X}
}


@BOOK{hamming:1986,
   author    = {Hamming, Richard W},
   title     = {Numerical methods for scientists and engineers (2nd ed.)},
   year      = {1986},
   isbn      = {0-486-65241-6},
   publisher = {Dover Publications, Inc.},
   address   = {New York, NY, USA}
}

@BOOK{butcher:2008,
   author    = {Butcher, John C},
   title     = {Numerical Methods for Ordinary Differential Equations
                (2nd ed.)},
   year      = {2008},
   isbn      = {978-0-470-72335-7},
   publisher = {John Wiley \& Sons Inc.},
   address   = {Hoboken, NJ, USA}
}

@BOOK{shampine:1994,
  author   = {Shampine, Lawrence},
  title    = {Numerical solution of ordinary differential equations},
  volume   = {4},
  year     = {1994},
  isbn     = {0-412-05151-6},
 publisher = {Chapman and Hall},
   address = {New York, NY, USA}
}

@ARTICLE{paper:Berry_Healy,
  AUTHOR       = "{Berry, M. and Healy, L.}",
  TITLE        = "{Implementation of Gauss-Jackson Integration for Orbit Propagation}",
  JOURNAL = "Proc. AAS/AIAA Astrodynamics Specialists Conference.",
  VOLUME = "AAS 01-426",
  YEAR         = "2001"}

@ARTICLE{paper:lsode,
  AUTHOR       = "{Radhakrishnan, K. and Hindmarsh, A.C.}",
  TITLE        = "{\href{file:\JEODHOME/models/utils/integration/docs/reference_materials/LSODE_description_u113855.pdf}
         {Description and Use of LSODE, the Livermore Solver for Ordinary Differential Equations}}",
  JOURNAL      = "NASA Reference Publication 1327.",
  VOLUME       = "Lawrence Livermore national Laboratory Report UCRL-ID-113855",
  YEAR         = "1993"}

@MANUAL{code:dlsode,
  AUTHOR        = "{Hindmarsh, A.C.}",
  TITLE         = "{\href{file:\JEODHOME/models/utils/integration/docs/reference_materials/dlsode.pdf}
                      {DLSODE Fortran code}}",
  ORGANIZATION  = "Center for Applied Scientific Computing, L-561",
  ADDRESS       = "Lawrence Livermore National Laboratory,
                   Livermore, CA 94551."}


@MANUAL{api:INTEGRATION,
   author       = "Generated by doxygen",
   title        = "{\href{file:\JEODHOME/models/utils/integration/docs/refman.pdf}
                    {JEOD Integration Model Reference Manual}}",
   organization = "National Aeronautics and Space Administration,
                   Johnson Space Center,
                   Software, Robotics \& Simulation Division,
                   Simulation and Graphics Branch",
   address      = "2101 NASA Parkway, Houston, Texas, 77058",
   month        = "{\RELEASEMONTH}",
   year         = "{\RELEASEYEAR}"}



   
