%%%%%%%%%%%%%%%%%%%%%%%%%%%%%%%%%%%%%%%%%%%%%%%%%%%%%%%%%%%%%%%%%%%%%%%%%
%
% Purpose: References for Orbital Dynamics and Environment
%
% 
%%%%%%%%%%%%%%%%%%%%%%%%%%%%%%%%%%%%%%%%%%%%%%%%%%%%%%%%%%%%%%%%%%%%%%%%%


@TECHREPORT{dynenv:JEOD,
   AUTHOR       = "{Jackson, A., Thebeau, C.}",
   TITLE        = "{\href{file:\JEODHOME/docs/JEOD.pdf}{\JEOD}}",
   INSTITUTION  = "NASA",
   ADDRESS      = "Johnson Space Center, Houston, Texas",
   NUMBER       = "{\JEODJSCNUM{}-docs}",
   MONTH        = "\RELEASEMONTH\",
   YEAR         = "\RELEASEYEAR"}

   @TECHREPORT{dynenv:COORDFRAME,
   AUTHOR       = "{Jackson, A.}",
   TITLE        = "{\href{file:\JEODHOME/docs/COORDFRAME.pdf}{JEOD Coordinate Frames}}",
   INSTITUTION  = "NASA",
   ADDRESS      = "Johnson Space Center, Houston, Texas",
   NUMBER       = "{\JEODJSCNUM{}-docs}",
   MONTH        = "\RELEASEMONTH\",
   YEAR         = "\RELEASEYEAR"}


@TECHREPORT{dynenv:TUTORIAL,
   AUTHOR       = "{Thebeau, C.}",
   TITLE        = "{\href{file:\JEODHOME/sims/Tutorial/docs/Tutorial.pdf}
                   {JEOD Tutorial}}",
   INSTITUTION  = "NASA",
   ADDRESS      = "Johnson Space Center, Houston, Texas",
   NUMBER       = "{\JEODJSCNUM{}-sims/Tutorial}",
   MONTH        = "\RELEASEMONTH\",
   YEAR         = "\RELEASEYEAR"}

@TECHREPORT{dynenv:SIM_dyncomp,
   AUTHOR       = "{Jackson, A.}",
   TITLE        = "{\href{file:\JEODHOME/verif/SIM_dyncomp/docs/DYNCOMP.pdf}
                   {Dynamics Comparison Simulation}}",
   INSTITUTION  = "NASA",
   ADDRESS      = "Johnson Space Center, Houston, Texas",
   NUMBER       = "{\JEODJSCNUM{}-verif/SIM\_dyncomp}",
   MONTH        = "\RELEASEMONTH\",
   YEAR         = "\RELEASEYEAR"}

@UNPUBLISHED{dynenv:CODE_STANDARD,
   AUTHOR       = "{Hammen, D. and Turner, G.}",
   TITLE        = "{\href{file:\JEODHOME/docs/coding_standards/coding_standards.pdf}
                   {JEOD Coding Standards}}",
   NOTE         = "JEOD project document",
   MONTH        = "\RELEASEMONTH\",
   YEAR         = "\RELEASEYEAR"}


@TECHREPORT{dynenv:AERODYNAMICS,
   AUTHOR       = "{Spencer, A.}",
   TITLE        = "{\href{\modelfile\AERODYNAMICSDOC}{\AERODYNAMICS{}}}",
   INSTITUTION  = "NASA",
   ADDRESS      = "Johnson Space Center, Houston, Texas",
   NUMBER       = "{\JEODJSCNUM{}-\AERODYNAMICSTEXTPATH{}}",
   MONTH        = "\RELEASEMONTH\",
   YEAR         = "\RELEASEYEAR"}

@TECHREPORT{dynenv:ATMOSPHERE,
   AUTHOR       = "{Spencer, A.}",
   TITLE        = "{\href{\modelfile\ATMOSPHEREDOC}{\ATMOSPHERE{}}}",
   INSTITUTION  = "NASA",
   ADDRESS      = "Johnson Space Center, Houston, Texas",
   NUMBER       = "{\JEODJSCNUM{}-\ATMOSPHERETEXTPATH{}}",
   MONTH        = "\RELEASEMONTH\",
   YEAR         = "\RELEASEYEAR"}

@TECHREPORT{dynenv:BODYACTION,
   AUTHOR       = "{Hammen, D.}",
   TITLE        = "{\href{\modelfile\BODYACTIONDOC}{\BODYACTION{}}}",
   INSTITUTION  = "NASA",
   ADDRESS      = "Johnson Space Center, Houston, Texas",
   NUMBER       = "{\JEODJSCNUM{}-\BODYACTIONTEXTPATH{}}",
   MONTH        = "\RELEASEMONTH\",
   YEAR         = "\RELEASEYEAR"}

@MANUAL{dynenv:CONTACT,
   AUTHOR       = "{Thebeau, C.}",
   TITLE        = "{\href{\modelfile\CONTACTDOC}{\CONTACT{}}}",
   INSTITUTION  = "NASA",
   ADDRESS      = "Johnson Space Center, Houston, Texas",
   NUMBER       = "{\JEODJSCNUM{}-\CONTACTTEXTPATH{}}",
   MONTH        = "\RELEASEMONTH\",
   YEAR         = "\RELEASEYEAR"}

@TECHREPORT{dynenv:CONTAINER,
   AUTHOR       = "{Hammen, D.}",
   TITLE        = "{\href{\modelfile\CONTAINERDOC}{\CONTAINER{}}}",
   INSTITUTION  = "NASA",
   ADDRESS      = "Johnson Space Center, Houston, Texas",
   NUMBER       = "{\JEODJSCNUM{}-\CONTAINERTEXTPATH{}}",
   MONTH        = "\RELEASEMONTH\",
   YEAR         = "\RELEASEYEAR"}

@TECHREPORT{dynenv:DERIVEDSTATE,
   AUTHOR       = "{Turner, G.}",
   TITLE        = "{\href{\modelfile\DERIVEDSTATEDOC}{\DERIVEDSTATE{}}}",
   INSTITUTION  = "NASA",
   ADDRESS      = "Johnson Space Center, Houston, Texas",
   NUMBER       = "{\JEODJSCNUM{}-\DERIVEDSTATETEXTPATH{}}",
   MONTH        = "\RELEASEMONTH\",
   YEAR         = "\RELEASEYEAR"}

@TECHREPORT{dynenv:DYNBODY,
   AUTHOR       = "{Hammen, D.}",
   TITLE        = "{\href{\modelfile\DYNBODYDOC}{\DYNBODY{}}}",
   INSTITUTION  = "NASA",
   ADDRESS      = "Johnson Space Center, Houston, Texas",
   NUMBER       = "{\JEODJSCNUM{}-\DYNBODYTEXTPATH{}}",
   MONTH        = "\RELEASEMONTH\",
   YEAR         = "\RELEASEYEAR"}

@TECHREPORT{dynenv:DYNMANAGER,
   AUTHOR       = "{Hammen, D.}",
   TITLE        = "{\href{\modelfile\DYNMANAGERDOC}{\DYNMANAGER{}}}",
   INSTITUTION  = "NASA",
   ADDRESS      = "Johnson Space Center, Houston, Texas",
   NUMBER       = "{\JEODJSCNUM{}-\DYNMANAGERTEXTPATH{}}",
   MONTH        = "\RELEASEMONTH\",
   YEAR         = "\RELEASEYEAR"}

@TECHREPORT{dynenv:EARTHLIGHTING,
   AUTHOR       = "{Spencer, A.}",
   TITLE        = "{\href{\modelfile\EARTHLIGHTINGDOC}{\EARTHLIGHTING{}}}",
   INSTITUTION  = "NASA",
   ADDRESS      = "Johnson Space Center, Houston, Texas",
   NUMBER       = "{\JEODJSCNUM{}-\EARTHLIGHTINGTEXTPATH{}}",
   MONTH        = "\RELEASEMONTH\",
   YEAR         = "\RELEASEYEAR"}

@TECHREPORT{dynenv:EPHEMERIDES,
   AUTHOR       = "{Thompson, B.}",
   TITLE        = "{\href{\modelfile\EPHEMERIDESDOC}{\EPHEMERIDES{}}}",
   INSTITUTION  = "NASA",
   ADDRESS      = "Johnson Space Center, Houston, Texas",
   NUMBER       = "{\JEODJSCNUM{}-\EPHEMERIDESTEXTPATH{}}",
   MONTH        = "\RELEASEMONTH\",
   YEAR         = "\RELEASEYEAR"}

@TECHREPORT{dynenv:GRAVITY,
   AUTHOR       = "{Thompson, B. and Morris., J.}",
   TITLE        = "{\href{\modelfile\GRAVITYDOC}{\GRAVITY{}}}",
   INSTITUTION  = "NASA",
   ADDRESS      = "Johnson Space Center, Houston, Texas",
   NUMBER       = "{\JEODJSCNUM{}-\GRAVITYTEXTPATH{}}",
   MONTH        = "\RELEASEMONTH\",
   YEAR         = "\RELEASEYEAR"}

@TECHREPORT{dynenv:GRAVITYTORQUE,
   AUTHOR       = "{Thompson, B.}",
   TITLE        = "{\href{\modelfile\GRAVITYTORQUEDOC}{\GRAVITYTORQUE{}}}",
   INSTITUTION  = "NASA",
   ADDRESS      = "Johnson Space Center, Houston, Texas",
   NUMBER       = "{\JEODJSCNUM{}-\GRAVITYTORQUETEXTPATH{}}",
   MONTH        = "\RELEASEMONTH\",
   YEAR         = "\RELEASEYEAR"}

@TECHREPORT{dynenv:INTEGRATION,
   AUTHOR       = "{Hammen, D.}",
   TITLE        = "{\href{\modelfile\INTEGRATIONDOC}{\INTEGRATION{}}}",
   INSTITUTION  = "NASA",
   ADDRESS      = "Johnson Space Center, Houston, Texas",
   NUMBER       = "{\JEODJSCNUM{}-\INTEGRATIONTEXTPATH{}}",
   MONTH        = "\RELEASEMONTH\",
   YEAR         = "\RELEASEYEAR"}

@TECHREPORT{dynenv:MASS,
   AUTHOR       = "{Thebeau, C.}",
   TITLE        = "{\href{\modelfile\MASSDOC}{\MASS{}}}",
   INSTITUTION  = "NASA",
   ADDRESS      = "Johnson Space Center, Houston, Texas",
   NUMBER       = "{\JEODJSCNUM{}-\MASSTEXTPATH{}}",
   MONTH        = "\RELEASEMONTH\",
   YEAR         = "\RELEASEYEAR"}

@TECHREPORT{dynenv:MATH,
   AUTHOR       = "{Thompson, B.}",
   TITLE        = "{\href{\modelfile\MATHDOC}{\MATH{}}}",
   INSTITUTION  = "NASA",
   ADDRESS      = "Johnson Space Center, Houston, Texas",
   NUMBER       = "{\JEODJSCNUM{}-\MATHTEXTPATH{}}",
   MONTH        = "\RELEASEMONTH\",
   YEAR         = "\RELEASEYEAR"}

@TECHREPORT{dynenv:MEMORY,
   AUTHOR       = "{Hammen, D.}",
   TITLE        = "{\href{\modelfile\MEMORYDOC}{\MEMORY{}}}",
   INSTITUTION  = "NASA",
   ADDRESS      = "Johnson Space Center, Houston, Texas",
   NUMBER       = "{\JEODJSCNUM{}-\MEMORYTEXTPATH{}}",
   MONTH        = "\RELEASEMONTH\",
   YEAR         = "\RELEASEYEAR"}

@TECHREPORT{dynenv:MESSAGE,
   AUTHOR       = "{Shelton, R.}",
   TITLE        = "{\href{\modelfile\MESSAGEDOC}{\MESSAGE{}}}",
   INSTITUTION  = "NASA",
   ADDRESS      = "Johnson Space Center, Houston, Texas",
   NUMBER       = "{\JEODJSCNUM{}-\MESSAGETEXTPATH{}}",
   MONTH        = "\RELEASEMONTH\",
   YEAR         = "\RELEASEYEAR"}

@TECHREPORT{dynenv:NAMEDITEM,
   AUTHOR       = "{Shelton, R.}",
   TITLE        = "{\href{\modelfile\NAMEDITEMDOC}{\NAMEDITEM{}}}",
   INSTITUTION  = "NASA",
   ADDRESS      = "Johnson Space Center, Houston, Texas",
   NUMBER       = "{\JEODJSCNUM{}-\NAMEDITEMTEXTPATH{}}",
   MONTH        = "\RELEASEMONTH\",
   YEAR         = "\RELEASEYEAR"}

@TECHREPORT{dynenv:ORBITALELEMENTS,
   AUTHOR       = "{Shelton, R.}",
   TITLE        = "{\href{\modelfile\ORBITALELEMENTSDOC}{\ORBITALELEMENTS{}}}",
   INSTITUTION  = "NASA",
   ADDRESS      = "Johnson Space Center, Houston, Texas",
   NUMBER       = "{\JEODJSCNUM{}-\ORBITALELEMENTSTEXTPATH{}}",
   MONTH        = "\RELEASEMONTH\",
   YEAR         = "\RELEASEYEAR"}

@TECHREPORT{dynenv:ORIENTATION,
   AUTHOR       = "{Thompson, B.}",
   TITLE        = "{\href{\modelfile\ORIENTATIONDOC}{\ORIENTATION{}}}",
   INSTITUTION  = "NASA",
   ADDRESS      = "Johnson Space Center, Houston, Texas",
   NUMBER       = "{\JEODJSCNUM{}-\ORIENTATIONTEXTPATH{}}",
   MONTH        = "\RELEASEMONTH\",
   YEAR         = "\RELEASEYEAR"}

@TECHREPORT{dynenv:PLANET,
   AUTHOR       = "{Morris, J.}",
   TITLE        = "{\href{\modelfile\PLANETDOC}{\PLANET{}}}",
   INSTITUTION  = "NASA",
   ADDRESS      = "Johnson Space Center, Houston, Texas",
   NUMBER       = "{\JEODJSCNUM{}-\PLANETTEXTPATH{}}",
   MONTH        = "\RELEASEMONTH\",
   YEAR         = "\RELEASEYEAR"}

@TECHREPORT{dynenv:PLANETFIXED,
   AUTHOR       = "{Jackson, A.}",
   TITLE        = "{\href{\modelfile\PLANETFIXEDDOC}{\PLANETFIXED{}}}",
   INSTITUTION  = "NASA",
   ADDRESS      = "Johnson Space Center, Houston, Texas",
   NUMBER       = "{\JEODJSCNUM{}-\PLANETFIXEDTEXTPATH{}}",
   MONTH        = "\RELEASEMONTH\",
   YEAR         = "\RELEASEYEAR"}

@TECHREPORT{dynenv:PLANETARYCONTACT,
   AUTHOR       = "",
   TITLE        = "{\href{\modelfile\PLANETARYCONTACTDOC}{\PLANETARYCONTACT{}}}",
   INSTITUTION  = "NASA",
   ADDRESS      = "Johnson Space Center, Houston, Texas",
   NUMBER       = "{\JEODJSCNUM{}-\PLANETARYCONTACTTEXTPATH{}}",
   MONTH        = "\RELEASEMONTH\",
   YEAR         = "\RELEASEYEAR"}

@TECHREPORT{dynenv:QUATERNION,
   AUTHOR       = "{Hammen, D.}",
   TITLE        = "{\href{\modelfile\QUATERNIONDOC}{\QUATERNION{}}}",
   INSTITUTION  = "NASA",
   ADDRESS      = "Johnson Space Center, Houston, Texas",
   NUMBER       = "{\JEODJSCNUM{}-\QUATERNIONTEXTPATH{}}",
   MONTH        = "\RELEASEMONTH\",
   YEAR         = "\RELEASEYEAR"}

@TECHREPORT{dynenv:RADIATIONPRESSURE,
   AUTHOR       = "{Turner, G.}",
   TITLE        = "{\href{\modelfile\RADIATIONPRESSUREDOC}{\RADIATIONPRESSURE{}}}",
   INSTITUTION  = "NASA",
   ADDRESS      = "Johnson Space Center, Houston, Texas",
   NUMBER       = "{\JEODJSCNUM{}-\RADIATIONPRESSURETEXTPATH{}}",
   MONTH        = "\RELEASEMONTH\",
   YEAR         = "\RELEASEYEAR"}

@TECHREPORT{dynenv:REFFRAMES,
   AUTHOR       = "{Spencer, A.}",
   TITLE        = "{\href{\modelfile\REFFRAMESDOC}{\REFFRAMES{}}}",
   INSTITUTION  = "NASA",
   ADDRESS      = "Johnson Space Center, Houston, Texas",
   NUMBER       = "{\JEODJSCNUM{}-\REFFRAMESTEXTPATH{}}",
   MONTH        = "\RELEASEMONTH\",
   YEAR         = "\RELEASEYEAR"}

@TECHREPORT{dynenv:RELKIN,
   AUTHOR       = "{Morris, J.}",
   TITLE        = "{\href{\modelfile\RELKINDOC}{\RELKIN{}}}",
   INSTITUTION  = "NASA",
   ADDRESS      = "Johnson Space Center, Houston, Texas",
   NUMBER       = "{\JEODJSCNUM{}-\RELKINTEXTPATH{}}",
   MONTH        = "\RELEASEMONTH\",
   YEAR         = "\RELEASEYEAR"}

@TECHREPORT{dynenv:RNP,
   AUTHOR       = "{Spencer, A.}",
   TITLE        = "{\href{\modelfile\RNPDOC}{\RNP{}}}",
   INSTITUTION  = "NASA",
   ADDRESS      = "Johnson Space Center, Houston, Texas",
   NUMBER       = "{\JEODJSCNUM{}-\RNPTEXTPATH{}}",
   MONTH        = "\RELEASEMONTH\",
   YEAR         = "\RELEASEYEAR"}

@TECHREPORT{dynenv:SIMINTERFACE,
   AUTHOR       = "{Shelton, R.}",
   TITLE        = "{\href{\modelfile\SIMINTERFACEDOC}{\SIMINTERFACE{}}}",
   INSTITUTION  = "NASA",
   ADDRESS      = "Johnson Space Center, Houston, Texas",
   NUMBER       = "{\JEODJSCNUM{}-\SIMINTERFACETEXTPATH{}}",
   MONTH        = "\RELEASEMONTH\",
   YEAR         = "\RELEASEYEAR"}

@TECHREPORT{dynenv:SURFACEMODEL,
   AUTHOR       = "{Spencer, A.}",
   TITLE        = "{\href{\modelfile\SURFACEMODELDOC}{\SURFACEMODEL{}}}",
   INSTITUTION  = "NASA",
   ADDRESS      = "Johnson Space Center, Houston, Texas",
   NUMBER       = "{\JEODJSCNUM{}-\SURFACEMODELTEXTPATH{}}",
   MONTH        = "\RELEASEMONTH\",
   YEAR         = "\RELEASEYEAR"}

@TECHREPORT{dynenv:THERMALRIDER,
   AUTHOR       = "{Turner, G.}",
   TITLE        = "{\href{\modelfile\THERMALRIDERDOC}{\THERMALRIDER{}}}",
   INSTITUTION  = "NASA",
   ADDRESS      = "Johnson Space Center, Houston, Texas",
   NUMBER       = "{\JEODJSCNUM{}-\THERMALRIDERTEXTPATH{}}",
   MONTH        = "\RELEASEMONTH\",
   YEAR         = "\RELEASEYEAR"}

@TECHREPORT{dynenv:TIME,
   AUTHOR       = "{Turner, G.}",
   TITLE        = "{\href{\modelfile\TIMEDOC}{\TIME{}}}",
   INSTITUTION  = "NASA",
   ADDRESS      = "Johnson Space Center, Houston, Texas",
   NUMBER       = "{\JEODJSCNUM{}-\TIMETEXTPATH{}}",
   MONTH        = "\RELEASEMONTH\",
   YEAR         = "\RELEASEYEAR"}



@MANUAL{Vetter:TrickUser,
   AUTHOR       = "{Vetter, K.}",
   TITLE        = "The Trick User's Guide",
   ORGANIZATION = "NASA,
                   Johnson Space Center,
                   Software, Robotics, and Simulation Division,
                   Simulation and Graphics Branch",
   ADDRESS      = "2101 NASA Parkway, Houston, Texas, 77058"}

@MANUAL{Vetter:TrickUTM,
   AUTHOR       = "{Vetter, K.}",
   TITLE        = "Trick Simulation Environment: User Training Materials",
   ORGANIZATION = "NASA,
                   Johnson Space Center,
                   Software, Robotics, and Simulation Division,
                   Simulation and Graphics Branch",
   ADDRESS      = "2101 NASA Parkway, Houston, Texas, 77058"}

@MANUAL{Vetter:TrickVD,
   AUTHOR       = "{Hua, G.}",
   TITLE        = "Trick Simulation Environment: Version Description",
   ORGANIZATION = "NASA,
                   Johnson Space Center,
                   Software, Robotics, and Simulation Division,
                   Simulation and Graphics Branch",
   ADDRESS      = "2101 NASA Parkway, Houston, Texas, 77058"}

@MANUAL{Vetter:TrickDD,
   AUTHOR       = "{Vetter, K.}",
   TITLE        = "The Trick Design Document",
   ORGANIZATION = "NASA,
                   Johnson Space Center,
                   Software, Robotics, and Simulation Division,
                   Simulation and Graphics Branch",
   ADDRESS      = "2101 NASA Parkway, Houston, Texas, 77058"}

@MANUAL{Vetter:TrickTutorial,
   AUTHOR       = "{Vetter, K.}",
   TITLE        = "The Trick Tutorial",
   ORGANIZATION = "NASA,
                   Johnson Space Center,
                   Software, Robotics, and Simulation Division,
                   Simulation and Graphics Branch",
   ADDRESS      = "2101 NASA Parkway, Houston, Texas, 77058"}

@TECHREPORT{NASA:SWE,
   AUTHOR       = "{NASA}",
   TITLE        = "{NASA Software Engineering Requirements}",
   NUMBER       = "NPR-7150.2",
   INSTITUTION  = "NASA",
   ADDRESS      = "NASA Headquarters, Washington, D.C.",
   MONTH        = "September",
   YEAR         = "2004"}

@BOOK{Goldstein,
   AUTHOR       = "{Goldstein, H.}",
   TITLE        = "Classical Mechanics",
   EDITION      = "Second",
   PUBLISHER    = "Addison-Wesley Publishing Company",
   ADDRESS      = "Reading, Massachusett",
   YEAR         = "1980"}

@BOOK{Meriam,
   AUTHOR       = "{Meriam, J.}",
   TITLE        = "Dynamics",
   EDITION      = "SI-Version, Second",
   PUBLISHER    = "John Wiley \& Sons. Inc.",
   ADDRESS      = "New York",
   YEAR         = "1975"}

@BOOK{Greenwood,
   AUTHOR       = "{Greenwood, D.}",
   TITLE        = "Principles of Dynamics",
   PUBLISHER    = "Prentice-Hall, Inc.",
   ADDRESS      = "Englewood Cliffs, New Jersey",
   YEAR         = "1965"}

@BOOK{Synge,
   AUTHOR       = "{Synge, J. and Schild, A.}",
   TITLE        = "Tensor Calculus",
   PUBLISHER    = "Dover Publications, Inc.",
   ADDRESS      = "New York",
   YEAR         = "1978"}

@MANUAL{NASA:APH,
   TITLE        = "Attitude and Pointing Handbook",
   EDITION      = "{Revision B}",
   ORGANIZATION = "NASA,
                   Johnson Space Center,
                   Operations Division Flight Activity Branch",
   ADDRESS      = "2101 NASA Parkway, Houston, Texas, 77058",
   MONTH        = "February",
   YEAR         = "1988"}

@BOOK{BMW,
   AUTHOR       = "{Bate, R., Mueller, D., White J.E.}",
   TITLE        = "Fundamentals of Astrodynamics",
   PUBLISHER    = "Dover Publications Inc.",
   ADDRESS      = "New York",
   YEAR         = "1971"}

@BOOK{Vallado,
   AUTHOR       = "{Vallado, D.A.}",
   TITLE        = "Fundamentals of Astrodynamics and Applications",
   PUBLISHER    = "McGraw-Hill",
   ADDRESS      = "New York",
   YEAR         = "1997"}

@BOOK{VMcC,
   AUTHOR       = "{Vallado, D.A., with tech contributions by McClain, W.D.}",
   TITLE        = "Fundamentals of Astrodynamics and Applications, Second Edition",
   PUBLISHER    = "Microcosm Press",
   ADDRESS      = "El Segundo,Calif.",
   YEAR         = "2001"}

@BOOK{Sidi,
   AUTHOR       = "{Sidi, M.J.}",
   TITLE        = "Spacecraft Dynamics and Control",
   PUBLISHER    = "Cambridge University Press",
   ADDRESS      = "UK",
   YEAR         = "1997"}

@BOOK{SJ,
   AUTHOR       = "{Schaub, H. and Junkins, J.}",
   TITLE        = "Analytical Mechanics of Space Systems",
   PUBLISHER    = "American Institute of Aeronautics and Astronautics, Inc.",
   ADDRESS      = "Reston, Virginia",
   YEAR         = "2003"}

@BOOK{MG,
   AUTHOR       = "{Montenbruck, O. and Gill, E.}",
   TITLE        = "Satellite Orbits",
   PUBLISHER    = "Springer",
   ADDRESS      = "Netherlands",
   YEAR         = "2005"}

@BOOK{HLC,
   AUTHOR       = "{Hofmann-Wellenhof, B., Lichtenegger, H., Collins, J.}",
   TITLE        = "GPS Theory and Practice, Fifth revised edition",
   PUBLISHER    = "SpringerWienNewYork",
   ADDRESS      = "Austria",
   YEAR         = "2001"}

@BOOK{Hughes,
   AUTHOR       = "{Hughes, P.}",
   TITLE        = "Spacecraft Attitude Dynamics",
   PUBLISHER    = "Dover Publications, Inc.",
   ADDRESS      = "Mineola, New York",
   YEAR         = "2004"}

@BOOK{Seidelmann,
   AUTHOR       = "{Seidelmann, P.K.}",
   TITLE        = "Explanatory Supplement to the Astronomical Almanac",
   PUBLISHER    = "University Science Books",
   ADDRESS      = "Sausalito, California",
   YEAR         = "2006"}

@BOOK{Heafner,
   AUTHOR       = "{Heafner, P.J.}",
   TITLE        = "Fundamental Ephemeris Computations For use with JPL data",
   PUBLISHER    = "Willmann-Bell",
   ADDRESS      = "Richmond, Virginia",
   YEAR         = "1999"}

@ARTICLE{2005JGeod,
   Author       = "{Tapley, B., Ries, J., et al}",
   TITLE        = "{GGM02 An improved Earth gravity field model from GRACE}",
   JOURNAL      = {Journal of Geodesy},
   MONTH        = "November",
   YEAR         = 2005,
   VOLUME       = 79,
   PAGES        = {467-478}}
