%%%%%%%%%%%%%%%%%%%%%%%%%%%%%%%%%%%%%%%%%%%%%%%%%%%%%%%%%%%%%%%%%%%%%%%%%
%
% Purpose: Bibliography for aerodynamics
%
%   
%
%%%%%%%%%%%%%%%%%%%%%%%%%%%%%%%%%%%%%%%%%%%%%%%%%%%%%%%%%%%%%%%%%%%%%%%%%

@MANUAL{dynenv:aerodynamics,
   AUTHOR       = "\ModelAuthor\",
   TITLE        = "{\href{file:aerodynamics.pdf}
                   {\aerodynamicsDesc}}",
   ORGANIZATION = "National Aeronautics and Space Administration,
                   Johnson Space Center,
                   Software, Robotics \& Simulation Division,
                   Simulation and Graphics Branch",
   ADDRESS      = "2101 NASA Parkway, Houston, Texas, 77058",
   MONTH        = "\RELEASEMONTH\",
   YEAR         = "\RELEASEYEAR"}

@MANUAL{aerodynamicsbib:ReferenceManual,
   AUTHOR       = "Generated by doxygen",
   TITLE        = "{\href{file:refman.pdf}
                   {Aerodynamics Reference Manual}}",
   ORGANIZATION = "National Aeronautics and Space Administration,
                   Johnson Space Center,
                   Software, Robotics \& Simulation Division,
                   Simulation and Graphics Branch",
   ADDRESS      = "2101 NASA Parkway, Houston, Texas, 77058",
   MONTH        = "\RELEASEMONTH\",
   YEAR         = "\RELEASEYEAR"}

@BOOK{SC,
   AUTHOR       = "S.A. Schaaf and P.L. Chambre",
   TITLE        = "Flow of rarefied gases High Speed Aerodynamics and Jet Propulsion",
   PUBLISHER    = "Princeton University Press",
   ADDRESS      = "Princeton N.J.",
   YEAR         = "1961"}

@TECHREPORT{NACA,
   AUTHOR       = "J.R. Stalder and V.J. Zurick",
   TITLE        = "Theoretical aerodynamic characteristics of bodies in a free-molecule-flow field",
   INSTITUTION  = "Ames Aeronautical Laboratory",
   NUMBER       = "NACA-TN-2423",
   ADDRESS      = "Moffett Field, Calif.",
   YEAR         = "1951"}

@BOOK{Bird,
   AUTHOR       = "G.A. Bird",
   TITLE        = "Molecular Gas Dynamics and the Direct Simulation of Gas Flows",
   PUBLISHER    = "Clarendon Press",
   YEAR         = "1994",
   ADDRESS      = "Oxford,England"}

@TECHREPORT{Blan,
   AUTHOR       = "Blanchard",
   TITLE        = "Rarefied-Flow Shuttle Aerodynamics Flight Model",
   INSTITUTION  = "Langley Research Center",
   NUMBER       = "NACA-TM-107698",
   ADDRESS      = "Moffett Field, Calif.",
   YEAR         = "1993"}
