%%%%%%%%%%%%%%%%%%%%%%%%%%%%%%%%%%%%%%%%%%%%%%%%%%%%%%%%%%%%%%%%%%%%%%%%%
%
% Purpose: Bibliography for COORDFRAME
%
% 
%
%
%%%%%%%%%%%%%%%%%%%%%%%%%%%%%%%%%%%%%%%%%%%%%%%%%%%%%%%%%%%%%%%%%%%%%%%%%

@MANUAL{dynenv:COORDFRAME,
   AUTHOR       = "\ModelAuthor\",
   TITLE        = "{\href{file:COORDFRAME.pdf}
                   {\PLANETFIXDesc}}",
   ORGANIZATION = "National Aeronautics and Space Administration,
                   Johnson Space Center,
                   Software, Robotics \& Simulation Division,
                   Simulation and Graphics Branch",
   ADDRESS      = "2101 NASA Parkway, Houston, Texas, 77058",
   MONTH        = "\RELEASEMONTH\",
   YEAR         = "\RELEASEYEAR"}


@TECHREPORT{IERS2003,
   author = {{McCarthy}, D.~D. and {Petit}, G.},
    title = "{IERS Conventions (2003)}",
    publisher = "{IERS}",
     year =  "2004",
 }
@article{IAU2006, title={Report of the IAU/IAG Working Group on cartographic coordinates and rotational elements: 2006}, volume={98}, url={http://www.springerlink.com/index/10.1007/s10569-007-9072-y}, number={3}, journal={Celestial Mechanics and Dynamical Astronomy}, publisher={Springer}, author={Seidelmann, P Kenneth and Archinal, B A and A Hearn, M F and Conrad, A and Consolmagno, G J and Hestroffer, D and Hilton, J L and Krasinsky, G A and Neumann, G and Oberst, J and et al.}, year={2007}, pages={155--180}},
}

@Article{LL,
  author =       "{X. X. Newhall and J. G. Williams}",
  title =       "{Estimation of the Lunar Physical Librations}",
  journal =      "{Celestial Mechanics and Dynamical Astronomy}",
  year =         "{1997}",
}


@ARTICLE{2011Icar,
   author = {{Konopliv}, A.~S. and {Asmar}, S.~W. and {Folkner}, W.~M. and
	{Karatekin} ,and {Nunes}, D.~C. and {Smrekar}, S.~E. and
	{Yoder}, C.~F. and {Zuber}, M.~T.},
    title = "{Mars high resolution gravity fields from MRO, Mars seasonal gravity, and other dynamical parameters}",
  journal = {icarus},
     year = 2011,
    month = jan,
   volume = 211,
    pages = {401-428},
}

@ARTICLE{2006Icar,
   author = {{Konopliv}, A.~S. and {Yoder}, C.~F. and {Standish}, E.~M. and
	{Yuan}, D.-N. and {Sjogren}, W.~L.},
    title = "{A global solution for the Mars static and seasonal gravity, Mars orientation, Phobos and Deimos masses, and Mars ephemeris}",
  journal = {icarus},
     year = 2006,
    month = may,
   volume = 182,
    pages = {23-50},
}
