%%%%%%%%%%%%%%%%%%%%%%%%%%%%%%%%%%%%%%%%%%%%%%%%%%%%%%%%%%%%%%%%%%%%%%%%%
%
% Purpose: Bibliography for gravitytorque
%
% 
%%%%%%%%%%%%%%%%%%%%%%%%%%%%%%%%%%%%%%%%%%%%%%%%%%%%%%%%%%%%%%%%%%%%%%%%%

@MANUAL{dynenv:math,
   AUTHOR       = "\ModelAuthor\",
   TITLE        = "{\href{file:math.pdf}
                   {\mathDesc}}",
   ORGANIZATION = "National Aeronautics and Space Administration,
                   Johnson Space Center,
                   Software, Robotics \& Simulation Division,
                   Simulation and Graphics Branch",
   ADDRESS      = "2101 NASA Parkway, Houston, Texas, 77058",
   MONTH        = "\RELEASEMONTH\",
   YEAR         = "\RELEASEYEAR"}


@BOOK{kreyszig1997,
   AUTHOR    = "Erwin Kreyszig",
   TITLE     = "Advanced Engineering Mathematics",
   EDITION   = "8th",
   PUBLISHER = "John Wiley and Sons, Inc.",
   ADDRESS   = "New York",
   YEAR      = "1997"}
