@BOOK{kuipers:2002,
   AUTHOR       = "Kuipers, J. B.",
   ISBN         = "0691102988",
   PUBLISHER    = "Princeton University Press",
   TITLE        = "Quaternions and Rotation Sequences:
                   A Primer with Applications to Orbits,
                   Aerospace and Virtual Reality",
   YEAR         = "2002"}

@REPORT{quat:api,
   AUTHOR       = "Generated by doxygen",
   TITLE        = "{\href{file:\JEODHOME/models/utils/quaternion/docs/refman.pdf}
                    {JEOD Quaternion Model Reference Manual}}",
   ORGANIZATION = "National Aeronautics and Space Administration,
                   Johnson Space Center,
                   Software, Robotics \& Simulation Division,
                   Simulation and Graphics Branch",
   ADDRESS      = "2101 NASA Parkway, Houston, Texas, 77058",
   MONTH        = "{\RELEASEMONTH}",
   YEAR         = "{\RELEASEYEAR}"}


   
