%%%%%%%%%%%%%%%%%%%%%%%%%%%%%%%%%%%%%%%%%%%%%%%%%%%%%%%%%%%%%%%%%%%%%%%%%
%
% Purpose: Bibliography for PLANETFIX
%
% 
%
%
%%%%%%%%%%%%%%%%%%%%%%%%%%%%%%%%%%%%%%%%%%%%%%%%%%%%%%%%%%%%%%%%%%%%%%%%%

@MANUAL{dynenv:PLANETFIX,
   AUTHOR       = "\ModelAuthor\",
   TITLE        = "{\href{file:PLANETFIX.pdf}
                   {\PLANETFIXDesc}}",
   ORGANIZATION = "National Aeronautics and Space Administration,
                   Johnson Space Center,
                   Software, Robotics \& Simulation Division,
                   Simulation and Graphics Branch",
   ADDRESS      = "2101 NASA Parkway, Houston, Texas, 77058",
   MONTH        = "\RELEASEMONTH\",
   YEAR         = "\RELEASEYEAR"}

@TECHREPORT{jsc26289,
   AUTHOR       = "Moises Montez",
   TITLE        = "{Onboard Navigation System
                        Characteristics}",
   INSTITUTION  = "National Aeronautic and Astronautics Administration",
   YEAR         = "2004",
   TYPE         = "{JSC Document, JSC-26289}",
   ADDRESS      = "2101 NASA Parkway, Houston, Texas, 77058",
   MONTH        = "August"}

@ARTICLE{bor,
   author = {{Borkowski}, K.~M.},
    title = "{Transformation of Geocentric to Geodetic Coordinates Without Approximations}",
  journal = "{Bulletin Geodesique 63}",
     year = "1987",
    month = "Dec",
   volume = "139",
    pages = {1-4}}

@BOOK{far,
   author = " Jay A. Farrell, Matthew Barth, Matthew Barth",
   title= "The Global Positioning System and Inertial Navigation",
   publisher = "McGraw-Hill",
   year = "1998"
   }
