%%%%%%%%%%%%%%%%%%%%%%%%%%%%%%%%%%%%%%%%%%%%%%%%%%%%%%%%%%%%%%%%%%%%%%%%%
% body_action.bib
% Bibliography for the Body Action model
%%%%%%%%%%%%%%%%%%%%%%%%%%%%%%%%%%%%%%%%%%%%%%%%%%%%%%%%%%%%%%%%%%%%%%%%%

@MANUAL{api:BODYACTION,
   AUTHOR      = "-- (generated by doxygen)",
   TITLE       = "{\href{file:\MODELDOCS/refman.pdf}
                   {Body Action Reference Manual}}",
   ORGANIZATION = "National Aeronautics and Space Administration,
                   Johnson Space Center,
                   Software, Robotics \& Simulation Division,
                   Simulation and Graphics Branch",
   ADDRESS      = "2101 NASA Parkway, Houston, Texas, 77058",
   MONTH        = "\RELEASEMONTH\",
   YEAR         = "\RELEASEYEAR"}

@BOOK{BodyAction:Valtonen,
   AUTHOR      = "Mauri J. Valtonen and Hannu Karttunen",
   TITLE       = "The Three-Body Problem",
   PUBLISHER   = "Cambridge University Press",
   ADDRESS     = "Cambridge, UK",
   YEAR        = "2006"}

@BOOK{BodyAction:Brown,
   AUTHOR      = "Charles D. Brown",
   TITLE       = "Spacecraft Mission Design, Second Edition",
   PUBLISHER   = "AIAA",
   ADDRESS     = "Reston, Virginia",
   YEAR        = "1998"}
