%%%%%%%%%%%%%%%%%%%%%%%%%%%%%%%%%%%%%%%%%%%%%%%%%%%%%%%%%%%%%%%%%%%%%%%%%
%
% Purpose: Bibliography for RadiationPressure
%
%   
%
%%%%%%%%%%%%%%%%%%%%%%%%%%%%%%%%%%%%%%%%%%%%%%%%%%%%%%%%%%%%%%%%%%%%%%%%%


@MANUAL{radbib:ReferenceManual,
   AUTHOR      = "Generated by doxygen",
   TITLE       = "{\href{file:refman.pdf}
                   {Radiation Pressure Reference Manual}}",
   ORGANIZATION = "National Aeronautics and Space Administration,
                   Johnson Space Center,
                   Software, Robotics \& Simulation Division,
                   Simulation and Graphics Branch",
   ADDRESS      = "2101 NASA Parkway, Houston, Texas, 77058",
   MONTH        = "\RELEASEMONTH\",
   YEAR         = "\RELEASEYEAR"}

@BOOK{radbib:Milani,
   AUTHOR    = "Milani,A. and Nobili,A.M. and Farinella,P.",
   TITLE     = "Non-Gravitational Perturbations and Satellite Geodesy",
   PUBLISHER = "Adam Hilger",
   ADDRESS   = "Bristol",
   YEAR      = "1987"}
