%%%%%%%%%%%%%%%%%%%%%%%%%%%%%%%%%%%%%%%%%%%%%%%%%%%%%%%%%%%%%%%%%%%%%%%%%
%
% Purpose: Bibliography for NamedItem
%
% 
%
%%%%%%%%%%%%%%%%%%%%%%%%%%%%%%%%%%%%%%%%%%%%%%%%%%%%%%%%%%%%%%%%%%%%%%%%%

@MANUAL{dynenv:NamedItem,
   AUTHOR       = "\ModelAuthor\",
   TITLE        = "{\href{file:NamedItem.pdf}
                   {\NamedItemDesc}}",
   ORGANIZATION = "National Aeronautics and Space Administration,
                   Johnson Space Center,
                   Software, Robotics \& Simulation Division,
                   Simulation and Graphics Branch",
   ADDRESS      = "2101 NASA Parkway, Houston, Texas, 77058",
   MONTH        = "\RELEASEMONTH\",
   YEAR         = "\RELEASEYEAR"}
