%%%%%%%%%%%%%%%%%%%%%%%%%%%%%%%%%%%%%%%%%%%%%%%%%%%%%%%%%%%%%%%%%%%%%%%%%
%
% Purpose: Bibliography for DerivedState
%
%
%%%%%%%%%%%%%%%%%%%%%%%%%%%%%%%%%%%%%%%%%%%%%%%%%%%%%%%%%%%%%%%%%%%%%%%%%

@MANUAL{derivedstatebib:ReferenceManual,
   AUTHOR      = "Generated by doxygen",
   TITLE       = "{\href{file:refman.pdf}
                   {Derived State Reference Manual}}",
   ORGANIZATION = "National Aeronautics and Space Administration,
                   Johnson Space Center,
                   Software, Robotics \& Simulation Division,
                   Simulation and Graphics Branch",
   ADDRESS      = "2101 NASA Parkway, Houston, Texas, 77058",
   MONTH        = "\RELEASEMONTH\",
   YEAR         = "\RELEASEYEAR"}
