%%%%%%%%%%%%%%%%%%%%%%%%%%%%%%%%%%%%%%%%%%%%%%%%%%%%%%%%%%%%%%%%%%%%%%%%%
%
% Purpose: Bibliography for lvlh_frame
%
% 
%
%
%%%%%%%%%%%%%%%%%%%%%%%%%%%%%%%%%%%%%%%%%%%%%%%%%%%%%%%%%%%%%%%%%%%%%%%%%

@MANUAL{bib:lvlh_frame_doc,
   AUTHOR       = "\ModelAuthor\",
   TITLE        = "{\href{file:lvlh_frame.pdf}
                   {\LvlhFrameDesc}}",
   ORGANIZATION = "National Aeronautics and Space Administration,
                   Johnson Space Center,
                   Software, Robotics \& Simulation Division,
                   Simulation and Graphics Branch",
   ADDRESS      = "2101 NASA Parkway, Houston, Texas, 77058",
   MONTH        = "\RELEASEMONTH\",
   YEAR         = "\RELEASEYEAR"}


@MANUAL{api:lvlh_frame,
   author       = "Generated by doxygen",
   title        = "{\href{file:\JEODHOME/models/utils/lvlh_frame/docs/refman.pdf}
                    {JEOD LVLH Frame Model Reference Manual}}",
   organization = "National Aeronautics and Space Administration,
                   Johnson Space Center,
                   Software, Robotics \& Simulation Division,
                   Simulation and Graphics Branch",
   address      = "2101 NASA Parkway, Houston, Texas, 77058",
   month        = "{\RELEASEMONTH}",
   year         = "{\RELEASEYEAR}"}
